<record><leader>00000cas a22000007a 4500</leader><controlfield tag="001">19581780</controlfield><controlfield tag="008">890421d19521970mduwr ne      0    0eng d</controlfield><datafield ind1=" " ind2=" " tag="010"><subfield code="a">sn 89061493 </subfield></datafield><datafield ind1=" " ind2=" " tag="040"><subfield code="a">MFN</subfield><subfield code="b">eng</subfield><subfield code="c">MFN</subfield><subfield code="d">OCLCQ</subfield></datafield><datafield ind1=" " ind2=" " tag="042"><subfield code="a">msc</subfield></datafield><datafield ind1=" " ind2="4" tag="050"><subfield code="a">AN41.68</subfield><subfield code="b">.I5</subfield></datafield><datafield ind1="0" ind2=" " tag="130"><subfield code="a">Independent (Hyattsville, Md.)</subfield></datafield><datafield ind1="1" ind2="4" tag="245"><subfield code="a">The independent.</subfield></datafield><datafield ind1=" " ind2=" " tag="260"><subfield code="a">Hyattsville, Md. :</subfield><subfield code="b">Independent Pub. Co.</subfield></datafield><datafield ind1=" " ind2=" " tag="300"><subfield code="a">v.</subfield></datafield><datafield ind1=" " ind2=" " tag="310"><subfield code="a">Weekly</subfield></datafield><datafield ind1="0" ind2=" " tag="362"><subfield code="a">Vol. 1, no. 51 (Feb. 15, 1952)-v. 83, no. 6 (July 31, 1970).</subfield></datafield><datafield ind1=" " ind2=" " tag="752"><subfield code="a">United States</subfield><subfield code="b">Maryland</subfield><subfield code="c">Prince George's</subfield><subfield code="d">Hyattsville.</subfield></datafield><datafield ind1="0" ind2="4" tag="785"><subfield code="t">Prince Georges post (College Park, Md.)</subfield><subfield code="w">(DLC)sn 89061502</subfield></datafield></record>